%% This BibTeX bibliography file was created using BibDesk.
%% http://bibdesk.sourceforge.net/

%% Created for Dan Foreman-Mackey at 2018-09-11 15:49:55 -0400 


%% Saved with string encoding Unicode (UTF-8) 



@article{Perez:2018,
	Adsnote = {Provided by the SAO/NASA Astrophysics Data System},
	Adsurl = {http://adsabs.harvard.edu/abs/2018MNRAS.480L..12P},
	Archiveprefix = {arXiv},
	Author = {{P{\'e}rez}, S. and {Casassus}, S. and {Ben{\'{\i}}tez-Llambay}, P.},
	Date-Added = {2018-09-11 15:49:54 -0400},
	Date-Modified = {2018-09-11 15:49:54 -0400},
	Doi = {10.1093/mnrasl/sly109},
	Eprint = {1806.05125},
	Journal = {\mnras},
	Keywords = {hydrodynamics, methods: numerical, planets and satellites: detection, planet-disc interactions, protoplanetary discs},
	Month = oct,
	Pages = {L12-L17},
	Primaryclass = {astro-ph.EP},
	Title = {{Observability of planet-disc interactions in CO kinematics}},
	Volume = 480,
	Year = 2018,
	Bdsk-Url-1 = {https://doi.org/10.1093/mnrasl/sly109}}
