%% This BibTeX bibliography file was created using BibDesk.
%% http://bibdesk.sourceforge.net/

%% Created for Dan Foreman-Mackey at 2018-09-11 16:44:14 -0400


%% Saved with string encoding Unicode (UTF-8)


@ARTICLE{deBlok:2008,
       author = {{de Blok}, W.~J.~G. and {Walter}, F. and {Brinks}, E. and
        {Trachternach}, C. and {Oh}, S. -H. and {Kennicutt}, R.~C., Jr.},
        title = "{High-Resolution Rotation Curves and Galaxy Mass Models from THINGS}",
      journal = {\aj},
     keywords = {dark matter, galaxies: dwarf, galaxies: fundamental parameters,
        galaxies: kinematics and dynamics, galaxies: spiral, galaxies:
        structure, Astrophysics},
         year = 2008,
        month = Dec,
       volume = {136},
        pages = {2648-2719},
          doi = {10.1088/0004-6256/136/6/2648},
archivePrefix = {arXiv},
       eprint = {0810.2100},
 primaryClass = {astro-ph},
       adsurl = {https://ui.adsabs.harvard.edu/#abs/2008AJ....136.2648D},
      adsnote = {Provided by the SAO/NASA Astrophysics Data System}
}

@INPROCEEDINGS{McMullin:2007,
       author = {{McMullin}, J.~P. and {Waters}, B. and {Schiebel}, D. and {Young}, W.
        and {Golap}, K.},
        title = "{CASA Architecture and Applications}",
    booktitle = {Astronomical Data Analysis Software and Systems XVI},
         year = 2007,
       editor = {{Shaw}, R.~A. and {Hill}, F. and {Bell}, D.~J.},
       volume = {376},
        month = Oct,
        pages = {127},
       adsurl = {https://ui.adsabs.harvard.edu/#abs/2007ASPC..376..127M},
      adsnote = {Provided by the SAO/NASA Astrophysics Data System}
}

@ARTICLE{Rosenfeld:2013,
       author = {{Rosenfeld}, Katherine A. and {Andrews}, Sean M. and {Hughes}, A.
        Meredith and {Wilner}, David J. and {Qi}, Chunhua},
        title = "{A Spatially Resolved Vertical Temperature Gradient in the HD 163296 Disk}",
      journal = {\apj},
     keywords = {circumstellar matter, protoplanetary disks, stars: individual: HD
        163296, submillimeter: general, Astrophysics - Solar and Stellar
        Astrophysics},
         year = 2013,
        month = Sep,
       volume = {774},
          eid = {16},
        pages = {16},
          doi = {10.1088/0004-637X/774/1/16},
archivePrefix = {arXiv},
       eprint = {1306.6475},
 primaryClass = {astro-ph.SR},
       adsurl = {https://ui.adsabs.harvard.edu/#abs/2013ApJ...774...16R},
      adsnote = {Provided by the SAO/NASA Astrophysics Data System}
}

@ARTICLE{vanderMarel:2016,
       author = {{van der Marel}, N. and {van Dishoeck}, E.~F. and {Bruderer}, S. and
        {Andrews}, S.~M. and {Pontoppidan}, K.~M. and {Herczeg}, G.~J.
        and {van Kempen}, T. and {Miotello}, A.},
        title = "{Resolved gas cavities in transitional disks inferred from CO isotopologs
        with ALMA}",
      journal = {\aap},
     keywords = {astrochemistry, stars: formation, protoplanetary disks, ISM: molecules,
        Astrophysics - Earth and Planetary Astrophysics, Astrophysics -
        Solar and Stellar Astrophysics},
         year = 2016,
        month = Jan,
       volume = {585},
          eid = {A58},
        pages = {A58},
          doi = {10.1051/0004-6361/201526988},
 primaryClass = {astro-ph.EP},
       adsurl = {https://ui.adsabs.harvard.edu/#abs/2016A&A...585A..58V},
      adsnote = {Provided by the SAO/NASA Astrophysics Data System}
}

@article{Vakili:2016,
	Adsnote = {Provided by the SAO/NASA Astrophysics Data System},
	Adsurl = {http://adsabs.harvard.edu/abs/2016arXiv161005873V},
	Author = {{Vakili}, M. and {Hogg}, D.~W.},
	Date-Added = {2018-09-11 16:19:51 -0400},
	Date-Modified = {2018-09-11 16:44:14 -0400},
	Eprint = {1610.05873},
	Journal = {ArXiv},
	Keywords = {Astrophysics - Instrumentation and Methods for Astrophysics},
	Month = oct,
	Primaryclass = {astro-ph.IM},
	Title = {{Do fast stellar centroiding methods saturate the Cram$\backslash$'$\{$e$\}$r-Rao lower bound?}},
	Year = 2016}

@article{Perez:2018,
	Adsnote = {Provided by the SAO/NASA Astrophysics Data System},
	Adsurl = {http://adsabs.harvard.edu/abs/2018MNRAS.480L..12P},
	Archiveprefix = {arXiv},
	Author = {{P{\'e}rez}, S. and {Casassus}, S. and {Ben{\'{\i}}tez-Llambay}, P.},
	Date-Added = {2018-09-11 15:49:54 -0400},
	Date-Modified = {2018-09-11 15:49:54 -0400},
	Doi = {10.1093/mnrasl/sly109},
	Eprint = {1806.05125},
	Journal = {\mnras},
	Keywords = {hydrodynamics, methods: numerical, planets and satellites: detection, planet-disc interactions, protoplanetary discs},
	Month = oct,
	Pages = {L12-L17},
	Primaryclass = {astro-ph.EP},
	Title = {{Observability of planet-disc interactions in CO kinematics}},
	Volume = 480,
	Year = 2018,
	Bdsk-Url-1 = {https://doi.org/10.1093/mnrasl/sly109}}

@misc{richard_teague_2018_1419754,
  author       = {Richard Teague and
                  Daniel Foreman-Mackey},
  title        = {{bettermoments: A robust method to measure line 
                   centroids}},
  month        = sep,
  year         = 2018,
  doi          = {10.5281/zenodo.1419754},
  version      = {1.0},
  publisher    = {Zenodo},
  url          = {https://doi.org/10.5281/zenodo.1419754}
}
